@misc{misc_letter_recognition_59,
  author       = {Slate,David},
  title        = {{Letter Recognition}},
  year         = {1991},
  howpublished = {UCI Machine Learning Repository},
  note         = {{DOI}: https://doi.org/10.24432/C5ZP40}
}