%! Author = vumir
%! Date = 24.12.2023

